
@Article{abril07,
  author 	= "Andrew Perrin",
  title 	= "Social Media Usage: 2005-2015",
  journal 	= "Pew",
  volume 	= "50",
  number 	= "1",
  month 	= jan,
  year 		= "2007",
  pages 	= "36--44",
  doi 		= "10.1145/1188913.1188915",
  url		= "http://doi.acm.org/10.1145/1219092.1219093",
  note		= "",
}
